@article{toledo2021face,
	title        = {Face Reconstruction with Variational Autoencoder and Face Masks},
	author       = {Toledo, Rafael S and Antonelo, Eric A},
	year         = 2021,
	journal      = {arXiv preprint arXiv:2112.02139}
}
@report{cil,
	title        = {Computational Intelligence Lab},
	author       = {Hofmann, Thomas},
	year         = 2021,
	institution  = {ETH Zurich}
}
@inproceedings{karras2019style,
	title        = {A style-based generator architecture for generative adversarial networks},
	author       = {Karras, Tero and Laine, Samuli and Aila, Timo},
	year         = 2019,
	booktitle    = {Proceedings of the IEEE/CVF conference on computer vision and pattern recognition},
	pages        = {4401--4410}
}
